@book{f13manual,
	title={F13 - Measurement of Muon Properties in the Advanced Students Laboratory},
	url={https://www.physi.uni-heidelberg.de/Einrichtungen/FP/anleitungen/F13.pdf}
}
@book{particle2006particle,
  title={Particle physics booklet},
  author={Particle Data Group and others},
  year={2006},
  url={http://pdg.lbl.gov}
}
